% !Mode:: "TeX:UTF-8"

@MISC{MVCArchitecture,
  author =       {http://developer.chrome.com/},
  title =        {MVC Architecture},
  journal =      {},
  volume =       {},
  number =       {},
  pages =        {},
  howpublished = {},
  year =         {2013},
  month =        {},
  note =         {},
  abstract =     {},
  keywords =     {},
  source =       {},
  TypeofLit =    {EB/OL},
  country =      {},
  patentid =     {},
  date=          {},
  modifydate =   {},
  citedate =     {},
  url =          {http://developer.chrome.com/apps/app_frameworks}
}
